[gd_scene load_steps=26 format=2]

[ext_resource path="res://scripts/Start.gd" type="Script" id=1]
[ext_resource path="res://milkywaypan_brunier_2048.jpg" type="Texture" id=2]
[ext_resource path="res://music/Beethoven - 7th Symphony - 2nd movement.wav" type="AudioStream" id=3]
[ext_resource path="res://meshes/lady_siobhan/scene.gltf" type="PackedScene" id=4]
[ext_resource path="res://meshes/bonfire-lowpoly/scene.gltf" type="PackedScene" id=5]
[ext_resource path="res://textures/32d654c9371b82ed864137f02fedd988.jpg" type="Texture" id=6]
[ext_resource path="res://effects/fire.png" type="Texture" id=7]
[ext_resource path="res://effects/smoke.png" type="Texture" id=8]
[ext_resource path="res://meshes/witch2.tscn" type="PackedScene" id=9]

[sub_resource type="PanoramaSky" id=1]
panorama = ExtResource( 2 )

[sub_resource type="Environment" id=2]
background_mode = 2
background_sky = SubResource( 1 )
background_color = Color( 0.415686, 0.337255, 0.321569, 1 )
background_energy = 0.1
ambient_light_color = Color( 1, 1, 1, 1 )
ambient_light_energy = 0.1
ambient_light_sky_contribution = 0.1
fog_transmit_enabled = true
fog_height_enabled = true
dof_blur_far_distance = 9.0
dof_blur_far_quality = 2
glow_enabled = true

[sub_resource type="SpatialMaterial" id=3]
albedo_color = Color( 0.956863, 0.913725, 0.913725, 1 )
albedo_texture = ExtResource( 6 )
emission_enabled = true
emission = Color( 0.94902, 0.94902, 0.94902, 1 )
emission_energy = 0.1
emission_operator = 0
emission_on_uv2 = false
uv1_offset = Vector3( 10, 10, 10 )
uv1_triplanar = true

[sub_resource type="PlaneMesh" id=4]
material = SubResource( 3 )
size = Vector2( 100, 100 )

[sub_resource type="SpatialMaterial" id=5]
flags_unshaded = true
vertex_color_use_as_albedo = true
params_blend_mode = 1
params_billboard_mode = 3
particles_anim_h_frames = 1
particles_anim_v_frames = 1
particles_anim_loop = false
albedo_texture = ExtResource( 7 )

[sub_resource type="Gradient" id=6]
offsets = PoolRealArray( 0, 0.325926, 0.644444 )
colors = PoolColorArray( 1, 0.999584, 0.574219, 1, 0.942871, 0.315009, 0.10681, 1, 1, 0.423376, 0.272135, 1 )

[sub_resource type="GradientTexture" id=7]
gradient = SubResource( 6 )

[sub_resource type="Curve" id=8]
_data = [ Vector2( 0, 0.5253 ), 0.0, 0.0, 0, 0, Vector2( 0.318029, 0.9741 ), 0.0, 0.0, 0, 0, Vector2( 0.97689, 0.8597 ), 0.0, 0.0, 0, 0 ]

[sub_resource type="CurveTexture" id=9]
curve = SubResource( 8 )

[sub_resource type="ParticlesMaterial" id=10]
emission_shape = 1
emission_sphere_radius = 0.2
spread = 0.0
gravity = Vector3( 0, 0, 0 )
angular_velocity = 30.0
angular_velocity_random = 1.0
linear_accel = 4.0
angle = 360.0
angle_random = 1.0
scale = 3.0
scale_curve = SubResource( 9 )
color_ramp = SubResource( 7 )

[sub_resource type="QuadMesh" id=11]

[sub_resource type="SpatialMaterial" id=12]
flags_transparent = true
flags_unshaded = true
vertex_color_use_as_albedo = true
params_blend_mode = 1
params_billboard_mode = 3
particles_anim_h_frames = 1
particles_anim_v_frames = 1
particles_anim_loop = false
albedo_texture = ExtResource( 8 )

[sub_resource type="Gradient" id=13]
offsets = PoolRealArray( 0, 0.518519, 1 )
colors = PoolColorArray( 0, 0, 0, 0, 0.518519, 0.518519, 0.518519, 1, 1, 1, 1, 0 )

[sub_resource type="GradientTexture" id=14]
gradient = SubResource( 13 )

[sub_resource type="ParticlesMaterial" id=15]
emission_shape = 1
emission_sphere_radius = 0.2
spread = 0.0
gravity = Vector3( 0, 0, 0 )
angular_velocity = 30.0
angular_velocity_random = 1.0
linear_accel = 4.0
angle = 360.0
angle_random = 1.0
scale = 2.0
scale_random = 0.5
color_ramp = SubResource( 14 )

[sub_resource type="StyleBoxFlat" id=16]
content_margin_left = 15.0
content_margin_right = 10.0
content_margin_top = 10.0
content_margin_bottom = 10.0
bg_color = Color( 1, 1, 1, 0.615686 )

[node name="Start" type="Spatial"]
script = ExtResource( 1 )

[node name="WorldEnvironment" type="WorldEnvironment" parent="."]
environment = SubResource( 2 )

[node name="AudioStreamPlayer" type="AudioStreamPlayer" parent="."]
stream = ExtResource( 3 )
volume_db = 2.0
autoplay = true

[node name="Scene" type="Spatial" parent="."]
transform = Transform( -3.54945e-08, -0.688484, 0.725252, -2.55112e-08, 0.725252, 0.688484, -1, 5.93535e-09, -4.33065e-08, 7.02723, 7.89025, 0.151592 )

[node name="SpotLight2" type="SpotLight" parent="Scene"]
transform = Transform( 1, -1.33227e-15, 3.55271e-15, 0, 1, -2.57039e-16, 0, -2.57039e-16, 1, 0, 0, 0 )
light_energy = 5.04
light_specular = 1.0
spot_range = 15.8751
spot_angle = 14.5262

[node name="SpotLight" type="SpotLight" parent="Scene"]
transform = Transform( -3.54945e-08, 0.135785, -0.990738, -0.688484, 0.718535, 0.0984783, 0.725252, 0.682107, 0.0934858, -2.71851, 1.88597, -7.89901 )
light_energy = 3.0
light_specular = 1.0
light_bake_mode = 2
shadow_enabled = true
spot_range = 3.71316
spot_angle = 32.6611

[node name="OmniLight" type="OmniLight" parent="Scene"]
transform = Transform( -3.54945e-08, -2.55112e-08, -1, -0.688484, 0.725252, 5.93535e-09, 0.725252, 0.688484, -4.33065e-08, 0.151592, -0.884284, -10.5288 )
light_specular = 1.0
omni_range = 9.0
omni_shadow_mode = 0

[node name="Camera" type="Camera" parent="Scene"]
transform = Transform( -3.54945e-08, -0.382628, -0.923902, -0.688484, 0.670062, -0.277502, 0.725252, 0.636092, -0.263433, -5.26007, -0.482576, -10.1475 )

[node name="lady" parent="Scene" instance=ExtResource( 4 )]
transform = Transform( -6.80072e-05, 4.61142e-05, -0.0199998, -0.0137938, 0.0144819, 8.02955e-05, 0.014482, 0.0137939, -1.74394e-05, -0.487953, 0.0614166, -10.7014 )
visible = false

[node name="stake" parent="Scene" instance=ExtResource( 5 )]
transform = Transform( 0.0125368, -0.000678382, 0.0129002, 0.00931303, 0.0136235, -0.0084077, -0.00894962, 0.0132265, 0.00932178, 0.328606, -0.470055, -10.1356 )

[node name="ground" type="CSGMesh" parent="Scene"]
transform = Transform( -3.54945e-08, -0.12444, -0.992227, -0.688484, 0.719614, -0.0902503, 0.725252, 0.683132, -0.085675, 0.153866, -0.407686, -10.1004 )
mesh = SubResource( 4 )

[node name="Fire" type="Spatial" parent="Scene"]
transform = Transform( -4.25934e-08, -1.50582e-07, 1.2, -0.826181, -0.870302, -1.38534e-07, 0.870302, -0.826181, -7.2782e-08, -0.148296, -0.884284, -10.5288 )

[node name="Fire" type="Particles" parent="Scene/Fire"]
material_override = SubResource( 5 )
amount = 16
process_material = SubResource( 10 )
draw_pass_1 = SubResource( 11 )

[node name="Smoke" type="Particles" parent="Scene/Fire"]
material_override = SubResource( 12 )
amount = 16
lifetime = 1.5
process_material = SubResource( 15 )
draw_pass_1 = SubResource( 11 )

[node name="witch" parent="Scene" instance=ExtResource( 9 )]
transform = Transform( -3.54945e-08, -0.937231, 0.348708, -0.688484, -0.252901, -0.679728, 0.725252, -0.24008, -0.645268, 0.705647, -0.640546, -10.1832 )

[node name="Menu" type="Control" parent="."]
margin_left = -16.0
margin_top = 161.0
margin_right = 24.0
margin_bottom = 201.0

[node name="ItemList" type="ItemList" parent="Menu"]
visible = false
margin_left = 51.0
margin_top = -38.0
margin_right = 166.0
margin_bottom = 70.0
custom_styles/bg = SubResource( 16 )
custom_colors/guide_color = Color( 0, 0, 0, 1 )
custom_colors/font_color_selected = Color( 0.847059, 0.32549, 0.32549, 1 )
custom_colors/font_color = Color( 0, 0, 0, 1 )
custom_constants/vseparation = 4
custom_constants/line_separation = 4
custom_constants/icon_margin = 4
custom_constants/hseparation = 4
items = [ "Start", null, false, "Load", null, false, "Configs", null, false, "Exit", null, false ]
auto_height = true

[node name="ColorRect" type="ColorRect" parent="Menu"]
margin_left = 67.0
margin_top = -102.0
margin_right = 168.0

[node name="VBoxContainer" type="VBoxContainer" parent="Menu"]
margin_left = 71.0
margin_top = -96.0
margin_right = 164.0
margin_bottom = 35.0

[node name="Start" type="Button" parent="Menu/VBoxContainer"]
margin_right = 93.0
margin_bottom = 20.0
text = "Start"

[node name="Load" type="Button" parent="Menu/VBoxContainer"]
margin_top = 24.0
margin_right = 93.0
margin_bottom = 44.0
text = "Load"

[node name="Configs" type="Button" parent="Menu/VBoxContainer"]
margin_top = 48.0
margin_right = 93.0
margin_bottom = 68.0
text = "Configs"

[node name="Exit" type="Button" parent="Menu/VBoxContainer"]
margin_top = 72.0
margin_right = 93.0
margin_bottom = 92.0
text = "Exit"

[node name="Load" type="Control" parent="."]
visible = false
anchor_right = 1.0
anchor_bottom = 1.0

[node name="ColorRect" type="ColorRect" parent="Load"]
anchor_right = 1.0
anchor_bottom = 1.0
color = Color( 0, 0, 0, 1 )
[connection signal="pressed" from="Menu/VBoxContainer/Start" to="." method="_on_Start_pressed"]
